<record><leader>00000cas a22000007a 4500</leader><controlfield tag="001">10933907</controlfield><controlfield tag="008">840710d18621880iauwr ne      0    0eng d</controlfield><controlfield tag="009">3781</controlfield><datafield ind1=" " ind2=" " tag="010"><subfield code="a">sn 84027175 </subfield></datafield><datafield ind1=" " ind2=" " tag="040"><subfield code="a">NPU</subfield><subfield code="b">eng</subfield><subfield code="c">NPU</subfield><subfield code="d">NPX</subfield><subfield code="d">INP</subfield><subfield code="d">NYS</subfield></datafield><datafield ind1="1" ind2=" " tag="029"><subfield code="a">AU@</subfield><subfield code="b">000020340143</subfield></datafield><datafield ind1=" " ind2=" " tag="042"><subfield code="a">msc</subfield></datafield><datafield ind1="0" ind2=" " tag="130"><subfield code="a">Iowa City Republican (Iowa City, Iowa : 1862 : Weekly)</subfield></datafield><datafield ind1="0" ind2="0" tag="245"><subfield code="a">Iowa City Republican.</subfield></datafield><datafield ind1="0" ind2="3" tag="246"><subfield code="a">Weekly Republican</subfield></datafield><datafield ind1=" " ind2=" " tag="260"><subfield code="a">Iowa City, Iowa :</subfield><subfield code="b">Jerome &amp; Duncan,</subfield><subfield code="c">1862-1880.</subfield></datafield><datafield ind1=" " ind2=" " tag="300"><subfield code="a">26 v.</subfield></datafield><datafield ind1=" " ind2=" " tag="310"><subfield code="a">Weekly</subfield></datafield><datafield ind1="0" ind2=" " tag="362"><subfield code="a">Vol. 14, no. 695 (Mar. 19, 1862)-v. 39, no. 31 (Sept. 8, 1880).</subfield></datafield><datafield ind1=" " ind2=" " tag="500"><subfield code="a">Publishers: Jerome &amp; Duncan, Mar. 19, 1862-Dec. 2, 1863; N.H. Brainerd, Dec. 9, 1863-Dec. 7, 1864; Brainerd &amp; Breitigam, Dec. 14-&lt;Dec. 30, 1864&gt;; N.H. Brainerd, &lt;July 4, 1866&gt;-Aug. 9, 1871; Brainerd &amp; Wilson, Aug. 16, 1871-Oct. 7, 1874; Pryce &amp; Wilson, Oct. 14, 1874-Sept. 27, 1876; Wilson, Rodgers &amp; Shields, Oct. 4, 1876-Sept. 17, 1879; Republican Pub. Co., Sept. 24, 1879-Sept. 8, 1880.</subfield></datafield><datafield ind1=" " ind2=" " tag="752"><subfield code="a">United States</subfield><subfield code="b">Iowa</subfield><subfield code="c">Johnson</subfield><subfield code="d">Iowa City.</subfield></datafield><datafield ind1="0" ind2=" " tag="775"><subfield code="t">Iowa City daily Republican</subfield><subfield code="w">(DLC)sn 85049533</subfield><subfield code="g">June 6, 1876-</subfield></datafield><datafield ind1="0" ind2="0" tag="780"><subfield code="t">Iowa weekly Republican</subfield><subfield code="w">(DLC)sn 82014133</subfield></datafield><datafield ind1="0" ind2="0" tag="785"><subfield code="t">Iowa City weekly Republican</subfield><subfield code="w">(DLC)sn 84045101</subfield></datafield></record>